This file was created with JabRef 2.2.
Encoding: MacRoman

@MISC{kagglepredict,
  title = {Predicting Wine Ratings Using LightGBM + Text2Vec},
  howpublished = {\url{https://www.kaggle.com/nnnnick/predicting-wine-ratings-using-lightgbm-text2vec}},
  year = {2018},
  note = {Accessed: 2019}
}

@MISC{winemag,
  title = {Wine Enthusiast Reviews},
  howpublished = {\url{https://www.winemag.com/?s=&drink_type=wine&page=0}},
  year = {2019},
  note = {Accessed: 2019}
}

@MISC{jones2019,
  title = {textmineR Vignette},
  howpublished = {\url{https://cran.r-project.org/web/packages/textmineR/vignettes/a_start_here.html}},
  year = {2019},
  note = {Accessed: 2019}
}

@MISC{ho2018,
  title = {Document-Term Matrix: Text Mining in R and Python},
  howpublished = {\url{https://datawarrior.wordpress.com/2018/01/22/document-term-matrix-text-mining-in-r-and-python/}},
  year = {2018},
  note = {Accessed: 2019}
}

@BOOK{manning2008,
  title = {Introduction to Information Retrieval},
  publisher = {Cambridge University Press},
  year = {2008},
  author = {Christopher D. Manning and Prbhakar Raghavan and Hinrich Sch√ºtze},
  address = {Boston, MA},
  isbn = {0-521-86571-9}
}

@MISC{textprocess,
  title = {Machine Learning - Text Processing},
  howpublished = {\url{https://towardsdatascience.com/machine-learning-text-processing-1d5a2d638958}},
  author = {Javaid Nabi},
  year = {2018},
  note = {Accessed: 2019}
}

@MISC{thoutt2017,
  title = {Wine Reviews},
  howpublished = {\url{https://www.kaggle.com/zynicide/wine-reviews}},
  author = {Zack Thoutt},
  year = {2017},
  note = {Accessed: 2019}
}

@MISC{watson2010,
  title = {Unearthing Georgia's Wine Heritage},
  howpublished = {\url{http://edition.cnn.com/2010/WORLD/europe/04/20/georgia.wine.heritage/}},
  author = {Ivan Watson}
  year = {2010},
  note = {Accessed: 2019}
}
