@MISC{kagglepredict,
  title = {Predicting Wine Ratings Using LightGBM + Text2Vec},
  year = {2018},
  url = {https://www.kaggle.com/nnnnick/predicting-wine-ratings-using-lightgbm-text2vec}
}

@MISC{winemag,
  title = {Wine Enthusiast Reviews},
  year = {2019},
  url = {https://www.winemag.com/?s=&drink_type=wine&page=0}
}


@MISC{jones2019,
  author = {Thomas Jones},
  title = {textmineR Vignette},
  year = {2018},
  url = {https://cran.r-project.org/web/packages/textmineR/vignettes/a_start_here.html}
}


@MISC{ho2018,
  author = {Stephen Ho},
  title = {Document-Term Matrix: Text Mining in R and Python},
  month = {April},
  year = {2018},
  lastchecked = {April 6, 2019},
  url = {https://towardsdatascience.com/machine-learning-text-processing-1d5a2d638958}
}

@BOOK{manning2008,
  title = {Introduction to Information Retrieval},
  publisher = {Cambridge University Press},
  year = {2008},
  author = {Christopher D. Manning and Prbhakar Raghavan and Hinrich Sch√ºtze},
  address = {Boston, MA},
  isbn = {0-521-86571-9}
}

@MISC{textprocess,
  author = {Javaid Nabi},
  title = {Machine Learning - Text Processing},
  month = {September},
  year = {2018},
  lastchecked = {September 13, 2018},
  url = {https://towardsdatascience.com/machine-learning-text-processing-1d5a2d638958}
}

@MISC{thoutt2017,
  author = {Zack Thoutt},
  title = {Wine Reviews},
  year = {2017},
  url = {https://www.kaggle.com/zynicide/wine-reviews}
}

@MISC{watson2010,
  author = {Ivan Watson},
  title = {Unearthing Georgia's Wine Heritage},
  month = {April},
  year = {2010},
  lastchecked = {April 20, 2010},
  url = {http://edition.cnn.com/2010/WORLD/europe/04/20/georgia.wine.heritage/}
}